PokerStars Game #47185728709:  Hold'em No Limit ($1/$2 USD) - 2010/07/23 23:54:46 ET
Table 'Triton III' 6-max Seat #6 is the button
Seat 1: Cardsdevil27 ($80.85 in chips) 
Seat 2: Fierytycoon ($200 in chips) 
Seat 3: Jetize ($202 in chips) 
Seat 4: thomaswkm ($452.65 in chips) 
Seat 5: DURKADURDUR ($243.30 in chips) 
Seat 6: FrAnWaN ($429.25 in chips) 
Cardsdevil27: posts small blind $1
Fierytycoon: posts big blind $2
*** HOLE CARDS ***
Jetize: folds 
thomaswkm: raises $4 to $6
DURKADURDUR: raises $14 to $20
FrAnWaN: folds 
Cardsdevil27: folds 
Fierytycoon: folds 
thomaswkm: calls $14
*** FLOP *** [6s 6c Qd]
thomaswkm: checks 
DURKADURDUR: bets $27
thomaswkm: raises $49 to $76
DURKADURDUR: raises $147.30 to $223.30 and is all-in
thomaswkm: folds 
Uncalled bet ($147.30) returned to DURKADURDUR
DURKADURDUR collected $192 from pot
DURKADURDUR: doesn't show hand 
*** SUMMARY ***
Total pot $195 | Rake $3 
Board [6s 6c Qd]
Seat 1: Cardsdevil27 (small blind) folded before Flop
Seat 2: Fierytycoon (big blind) folded before Flop
Seat 3: Jetize folded before Flop (didn't bet)
Seat 4: thomaswkm folded on the Flop
Seat 5: DURKADURDUR collected ($192)
Seat 6: FrAnWaN (button) folded before Flop (didn't bet)

