PokerStars Hand #161798185559: Tournament #1735449289, $0.44+$0.06 USD Hold'em No Limit - Level I (10/20) - 2016/11/22 16:15:44 BRT [2016/11/22 13:15:44 ET]
Table '1735449289 1' 9-max Seat #1 is the button
Seat 1: lexasambo 73 (1500 in chips) 
Seat 2: my@reality13 (1500 in chips) 
Seat 3: fredytedy (1500 in chips) 
Seat 4: Alexzt777 (1500 in chips) 
Seat 5: Hamgo (1500 in chips) 
Seat 6: Skywalker575 (1500 in chips) 
Seat 7: joplan (1500 in chips) 
Seat 8: wisg33 (1500 in chips) 
Seat 9: joebeavixxx (1500 in chips) 
my@reality13: posts small blind 10
fredytedy: posts big blind 20
*** HOLE CARDS ***
Dealt to wisg33 [4h 4c]
Alexzt777: folds 
Hamgo: folds 
Skywalker575: folds 
joplan: calls 20
wisg33: folds 
joebeavixxx: folds 
lexasambo 73: folds 
my@reality13: calls 10
fredytedy: checks 
*** FLOP *** [Qs 5c 2c]
my@reality13: checks 
fredytedy: checks 
joplan: checks 
*** TURN *** [Qs 5c 2c] [Ad]
my@reality13: checks 
fredytedy: checks 
joplan: checks 
*** RIVER *** [Qs 5c 2c Ad] [7s]
my@reality13: bets 60
fredytedy: folds 
joplan: folds 
Uncalled bet (60) returned to my@reality13
my@reality13 collected 60 from pot
*** SUMMARY ***
Total pot 60 | Rake 0 
Board [Qs 5c 2c Ad 7s]
Seat 1: lexasambo 73 (button) folded before Flop (didn't bet)
Seat 2: my@reality13 (small blind) collected (60)
Seat 3: fredytedy (big blind) folded on the River
Seat 4: Alexzt777 folded before Flop (didn't bet)
Seat 5: Hamgo folded before Flop (didn't bet)
Seat 6: Skywalker575 folded before Flop (didn't bet)
Seat 7: joplan folded on the River
Seat 8: wisg33 folded before Flop (didn't bet)
Seat 9: joebeavixxx folded before Flop (didn't bet)



PokerStars Hand #161798252648: Tournament #1735449289, $0.44+$0.06 USD Hold'em No Limit - Level I (10/20) - 2016/11/22 16:16:59 BRT [2016/11/22 13:16:59 ET]
Table '1735449289 1' 9-max Seat #2 is the button
Seat 1: lexasambo 73 (1500 in chips) 
Seat 2: my@reality13 (1540 in chips) 
Seat 3: fredytedy (1480 in chips) 
Seat 4: Alexzt777 (1500 in chips) 
Seat 5: Hamgo (1500 in chips) 
Seat 6: Skywalker575 (1500 in chips) 
Seat 7: joplan (1480 in chips) 
Seat 8: wisg33 (1500 in chips) 
Seat 9: joebeavixxx (1500 in chips) 
fredytedy: posts small blind 10
Alexzt777: posts big blind 20
*** HOLE CARDS ***
Dealt to wisg33 [7d 6d]
Hamgo: folds 
Skywalker575: folds 
joplan: calls 20
wisg33: folds 
joebeavixxx: calls 20
lexasambo 73: folds 
my@reality13: calls 20
fredytedy: folds 
Alexzt777: checks 
*** FLOP *** [Qh Ah 2c]
Alexzt777: checks 
joplan: bets 100
joebeavixxx: folds 
my@reality13: calls 100
Alexzt777: folds 
*** TURN *** [Qh Ah 2c] [Qd]
joplan: bets 300
my@reality13: folds 
Uncalled bet (300) returned to joplan
joplan collected 290 from pot
joplan: doesn't show hand 
*** SUMMARY ***
Total pot 290 | Rake 0 
Board [Qh Ah 2c Qd]
Seat 1: lexasambo 73 folded before Flop (didn't bet)
Seat 2: my@reality13 (button) folded on the Turn
Seat 3: fredytedy (small blind) folded before Flop
Seat 4: Alexzt777 (big blind) folded on the Flop
Seat 5: Hamgo folded before Flop (didn't bet)
Seat 6: Skywalker575 folded before Flop (didn't bet)
Seat 7: joplan collected (290)
Seat 8: wisg33 folded before Flop (didn't bet)
Seat 9: joebeavixxx folded on the Flop



PokerStars Hand #161798307957: Tournament #1735449289, $0.44+$0.06 USD Hold'em No Limit - Level I (10/20) - 2016/11/22 16:18:01 BRT [2016/11/22 13:18:01 ET]
Table '1735449289 1' 9-max Seat #3 is the button
Seat 1: lexasambo 73 (1500 in chips) 
Seat 2: my@reality13 (1420 in chips) 
Seat 3: fredytedy (1470 in chips) 
Seat 4: Alexzt777 (1480 in chips) 
Seat 5: Hamgo (1500 in chips) 
Seat 6: Skywalker575 (1500 in chips) 
Seat 7: joplan (1650 in chips) 
Seat 8: wisg33 (1500 in chips) 
Seat 9: joebeavixxx (1480 in chips) 
Alexzt777: posts small blind 10
Hamgo: posts big blind 20
*** HOLE CARDS ***
Dealt to wisg33 [Qh 8s]
Skywalker575: folds 
joplan: folds 
wisg33: folds 
joebeavixxx: folds 
lexasambo 73: calls 20
my@reality13: calls 20
fredytedy: folds 
Alexzt777: folds 
Hamgo: checks 
*** FLOP *** [Qd 4h 4s]
Hamgo: checks 
lexasambo 73: checks 
my@reality13: checks 
*** TURN *** [Qd 4h 4s] [3c]
Hamgo: checks 
lexasambo 73: checks 
my@reality13: checks 
*** RIVER *** [Qd 4h 4s 3c] [6d]
Hamgo: checks 
lexasambo 73: checks 
my@reality13: checks 
*** SHOW DOWN ***
Hamgo: shows [9c 5h] (a pair of Fours)
lexasambo 73: shows [7c Ad] (a pair of Fours - Ace kicker)
my@reality13: mucks hand 
lexasambo 73 collected 70 from pot
*** SUMMARY ***
Total pot 70 | Rake 0 
Board [Qd 4h 4s 3c 6d]
Seat 1: lexasambo 73 showed [7c Ad] and won (70) with a pair of Fours
Seat 2: my@reality13 mucked [Jh Kd]
Seat 3: fredytedy (button) folded before Flop (didn't bet)
Seat 4: Alexzt777 (small blind) folded before Flop
Seat 5: Hamgo (big blind) showed [9c 5h] and lost with a pair of Fours
Seat 6: Skywalker575 folded before Flop (didn't bet)
Seat 7: joplan folded before Flop (didn't bet)
Seat 8: wisg33 folded before Flop (didn't bet)
Seat 9: joebeavixxx folded before Flop (didn't bet)



PokerStars Hand #161798375752: Tournament #1735449289, $0.44+$0.06 USD Hold'em No Limit - Level I (10/20) - 2016/11/22 16:19:17 BRT [2016/11/22 13:19:17 ET]
Table '1735449289 1' 9-max Seat #4 is the button
Seat 1: lexasambo 73 (1550 in chips) 
Seat 2: my@reality13 (1400 in chips) 
Seat 3: fredytedy (1470 in chips) 
Seat 4: Alexzt777 (1470 in chips) 
Seat 5: Hamgo (1480 in chips) 
Seat 6: Skywalker575 (1500 in chips) 
Seat 7: joplan (1650 in chips) 
Seat 8: wisg33 (1500 in chips) 
Seat 9: joebeavixxx (1480 in chips) 
Hamgo: posts small blind 10
Skywalker575: posts big blind 20
*** HOLE CARDS ***
Dealt to wisg33 [Qc Qd]
joplan: folds 
wisg33: raises 20 to 40
joebeavixxx: folds 
lexasambo 73: folds 
my@reality13: folds 
fredytedy: folds 
Alexzt777: raises 280 to 320
Hamgo: folds 
Skywalker575: folds 
wisg33: raises 1180 to 1500 and is all-in
Alexzt777: calls 1150 and is all-in
Uncalled bet (30) returned to wisg33
*** FLOP *** [9d 6d Ah]
*** TURN *** [9d 6d Ah] [7h]
*** RIVER *** [9d 6d Ah 7h] [8d]
*** SHOW DOWN ***
wisg33: shows [Qc Qd] (a pair of Queens)
Alexzt777: shows [Th Ts] (a straight, Six to Ten)
Alexzt777 collected 2970 from pot
*** SUMMARY ***
Total pot 2970 | Rake 0 
Board [9d 6d Ah 7h 8d]
Seat 1: lexasambo 73 folded before Flop (didn't bet)
Seat 2: my@reality13 folded before Flop (didn't bet)
Seat 3: fredytedy folded before Flop (didn't bet)
Seat 4: Alexzt777 (button) showed [Th Ts] and won (2970) with a straight, Six to Ten
Seat 5: Hamgo (small blind) folded before Flop
Seat 6: Skywalker575 (big blind) folded before Flop
Seat 7: joplan folded before Flop (didn't bet)
Seat 8: wisg33 showed [Qc Qd] and lost with a pair of Queens
Seat 9: joebeavixxx folded before Flop (didn't bet)



PokerStars Hand #161798421396: Tournament #1735449289, $0.44+$0.06 USD Hold'em No Limit - Level I (10/20) - 2016/11/22 16:20:08 BRT [2016/11/22 13:20:08 ET]
Table '1735449289 1' 9-max Seat #5 is the button
Seat 1: lexasambo 73 (1550 in chips) 
Seat 2: my@reality13 (1400 in chips) 
Seat 3: fredytedy (1470 in chips) 
Seat 4: Alexzt777 (2970 in chips) 
Seat 5: Hamgo (1470 in chips) 
Seat 6: Skywalker575 (1480 in chips) 
Seat 7: joplan (1650 in chips) 
Seat 8: wisg33 (30 in chips) 
Seat 9: joebeavixxx (1480 in chips) 
Skywalker575: posts small blind 10
joplan: posts big blind 20
*** HOLE CARDS ***
Dealt to wisg33 [8d 7c]
wisg33: folds 
joebeavixxx: raises 20 to 40
lexasambo 73: folds 
my@reality13: folds 
fredytedy: calls 40
Alexzt777: calls 40
Hamgo: folds 
Skywalker575: folds 
joplan: folds 
*** FLOP *** [Ac Qs 4s]
joebeavixxx: checks 
fredytedy: checks 
Alexzt777: checks 
*** TURN *** [Ac Qs 4s] [9d]
joebeavixxx: bets 100
fredytedy: folds 
Alexzt777: raises 250 to 350
joebeavixxx: raises 1090 to 1440 and is all-in
Alexzt777: calls 1090
*** RIVER *** [Ac Qs 4s 9d] [Qd]
*** SHOW DOWN ***
joebeavixxx: shows [Jd Ah] (two pair, Aces and Queens)
Alexzt777: shows [Ad Qc] (a full house, Queens full of Aces)
Alexzt777 collected 3030 from pot
joebeavixxx finished the tournament in 9th place
*** SUMMARY ***
Total pot 3030 | Rake 0 
Board [Ac Qs 4s 9d Qd]
Seat 1: lexasambo 73 folded before Flop (didn't bet)
Seat 2: my@reality13 folded before Flop (didn't bet)
Seat 3: fredytedy folded on the Turn
Seat 4: Alexzt777 showed [Ad Qc] and won (3030) with a full house, Queens full of Aces
Seat 5: Hamgo (button) folded before Flop (didn't bet)
Seat 6: Skywalker575 (small blind) folded before Flop
Seat 7: joplan (big blind) folded before Flop
Seat 8: wisg33 folded before Flop (didn't bet)
Seat 9: joebeavixxx showed [Jd Ah] and lost with two pair, Aces and Queens



PokerStars Hand #161798495850: Tournament #1735449289, $0.44+$0.06 USD Hold'em No Limit - Level II (15/30) - 2016/11/22 16:21:32 BRT [2016/11/22 13:21:32 ET]
Table '1735449289 1' 9-max Seat #6 is the button
Seat 1: lexasambo 73 (1550 in chips) 
Seat 2: my@reality13 (1400 in chips) 
Seat 3: fredytedy (1430 in chips) 
Seat 4: Alexzt777 (4520 in chips) 
Seat 5: Hamgo (1470 in chips) 
Seat 6: Skywalker575 (1470 in chips) 
Seat 7: joplan (1630 in chips) 
Seat 8: wisg33 (30 in chips) 
joplan: posts small blind 15
wisg33: posts big blind 30 and is all-in
*** HOLE CARDS ***
Dealt to wisg33 [Ts 3c]
lexasambo 73: raises 60 to 90
my@reality13: folds 
fredytedy: folds 
Alexzt777: folds 
Hamgo: calls 90
Skywalker575: folds 
joplan: folds 
*** FLOP *** [Qs 2h 4d]
lexasambo 73: bets 112
Hamgo: calls 112
*** TURN *** [Qs 2h 4d] [3s]
lexasambo 73: bets 224
Hamgo: calls 224
*** RIVER *** [Qs 2h 4d 3s] [Qh]
lexasambo 73: bets 448
Hamgo: raises 596 to 1044 and is all-in
lexasambo 73: folds 
Uncalled bet (596) returned to Hamgo
*** SHOW DOWN ***
Hamgo: shows [Ah Jc] (a pair of Queens)
Hamgo collected 1688 from side pot
wisg33: shows [Ts 3c] (two pair, Queens and Threes)
wisg33 collected 105 from main pot
*** SUMMARY ***
Total pot 1793 Main pot 105. Side pot 1688. | Rake 0 
Board [Qs 2h 4d 3s Qh]
Seat 1: lexasambo 73 folded on the River
Seat 2: my@reality13 folded before Flop (didn't bet)
Seat 3: fredytedy folded before Flop (didn't bet)
Seat 4: Alexzt777 folded before Flop (didn't bet)
Seat 5: Hamgo showed [Ah Jc] and won (1688) with a pair of Queens
Seat 6: Skywalker575 (button) folded before Flop (didn't bet)
Seat 7: joplan (small blind) folded before Flop
Seat 8: wisg33 (big blind) showed [Ts 3c] and won (105) with two pair, Queens and Threes



PokerStars Hand #161798575786: Tournament #1735449289, $0.44+$0.06 USD Hold'em No Limit - Level II (15/30) - 2016/11/22 16:23:03 BRT [2016/11/22 13:23:03 ET]
Table '1735449289 1' 9-max Seat #7 is the button
Seat 1: lexasambo 73 (676 in chips) 
Seat 2: my@reality13 (1400 in chips) 
Seat 3: fredytedy (1430 in chips) 
Seat 4: Alexzt777 (4520 in chips) 
Seat 5: Hamgo (2284 in chips) 
Seat 6: Skywalker575 (1470 in chips) 
Seat 7: joplan (1615 in chips) 
Seat 8: wisg33 (105 in chips) 
wisg33: posts small blind 15
lexasambo 73: posts big blind 30
*** HOLE CARDS ***
Dealt to wisg33 [Kd 9s]
my@reality13: folds 
fredytedy: raises 60 to 90
Alexzt777: folds 
Hamgo: folds 
Skywalker575: folds 
joplan: folds 
wisg33: raises 15 to 105 and is all-in
lexasambo 73: folds 
fredytedy: calls 15
*** FLOP *** [Ks 7c Ah]
*** TURN *** [Ks 7c Ah] [5s]
*** RIVER *** [Ks 7c Ah 5s] [Kh]
*** SHOW DOWN ***
wisg33: shows [Kd 9s] (three of a kind, Kings)
fredytedy: shows [Td Tc] (two pair, Kings and Tens)
wisg33 collected 240 from pot
*** SUMMARY ***
Total pot 240 | Rake 0 
Board [Ks 7c Ah 5s Kh]
Seat 1: lexasambo 73 (big blind) folded before Flop
Seat 2: my@reality13 folded before Flop (didn't bet)
Seat 3: fredytedy showed [Td Tc] and lost with two pair, Kings and Tens
Seat 4: Alexzt777 folded before Flop (didn't bet)
Seat 5: Hamgo folded before Flop (didn't bet)
Seat 6: Skywalker575 folded before Flop (didn't bet)
Seat 7: joplan (button) folded before Flop (didn't bet)
Seat 8: wisg33 (small blind) showed [Kd 9s] and won (240) with three of a kind, Kings



PokerStars Hand #161798602860: Tournament #1735449289, $0.44+$0.06 USD Hold'em No Limit - Level II (15/30) - 2016/11/22 16:23:34 BRT [2016/11/22 13:23:34 ET]
Table '1735449289 1' 9-max Seat #8 is the button
Seat 1: lexasambo 73 (646 in chips) 
Seat 2: my@reality13 (1400 in chips) 
Seat 3: fredytedy (1325 in chips) 
Seat 4: Alexzt777 (4520 in chips) 
Seat 5: Hamgo (2284 in chips) 
Seat 6: Skywalker575 (1470 in chips) 
Seat 7: joplan (1615 in chips) 
Seat 8: wisg33 (240 in chips) 
lexasambo 73: posts small blind 15
my@reality13: posts big blind 30
*** HOLE CARDS ***
Dealt to wisg33 [4d Td]
fredytedy: folds 
Alexzt777: calls 30
Hamgo: folds 
Skywalker575: folds 
joplan: folds 
wisg33: folds 
lexasambo 73: calls 15
my@reality13: checks 
*** FLOP *** [Jh Ac 8c]
lexasambo 73: checks 
my@reality13: checks 
Alexzt777: bets 60
lexasambo 73: calls 60
my@reality13: folds 
*** TURN *** [Jh Ac 8c] [Kh]
lexasambo 73: checks 
Alexzt777: checks 
*** RIVER *** [Jh Ac 8c Kh] [8s]
lexasambo 73: bets 105
Alexzt777: folds 
Uncalled bet (105) returned to lexasambo 73
lexasambo 73 collected 210 from pot
*** SUMMARY ***
Total pot 210 | Rake 0 
Board [Jh Ac 8c Kh 8s]
Seat 1: lexasambo 73 (small blind) collected (210)
Seat 2: my@reality13 (big blind) folded on the Flop
Seat 3: fredytedy folded before Flop (didn't bet)
Seat 4: Alexzt777 folded on the River
Seat 5: Hamgo folded before Flop (didn't bet)
Seat 6: Skywalker575 folded before Flop (didn't bet)
Seat 7: joplan folded before Flop (didn't bet)
Seat 8: wisg33 (button) folded before Flop (didn't bet)



PokerStars Hand #161798650413: Tournament #1735449289, $0.44+$0.06 USD Hold'em No Limit - Level II (15/30) - 2016/11/22 16:24:28 BRT [2016/11/22 13:24:28 ET]
Table '1735449289 1' 9-max Seat #1 is the button
Seat 1: lexasambo 73 (766 in chips) 
Seat 2: my@reality13 (1370 in chips) 
Seat 3: fredytedy (1325 in chips) 
Seat 4: Alexzt777 (4430 in chips) 
Seat 5: Hamgo (2284 in chips) 
Seat 6: Skywalker575 (1470 in chips) 
Seat 7: joplan (1615 in chips) 
Seat 8: wisg33 (240 in chips) 
my@reality13: posts small blind 15
fredytedy: posts big blind 30
*** HOLE CARDS ***
Dealt to wisg33 [5s 3s]
Alexzt777: folds 
Hamgo: folds 
Skywalker575: folds 
joplan: calls 30
wisg33: folds 
lexasambo 73: folds 
my@reality13: calls 15
fredytedy: checks 
*** FLOP *** [4s 2h 8c]
my@reality13: checks 
fredytedy: checks 
joplan: checks 
*** TURN *** [4s 2h 8c] [8s]
my@reality13: checks 
fredytedy: checks 
joplan: checks 
*** RIVER *** [4s 2h 8c 8s] [6d]
my@reality13: checks 
fredytedy: bets 150
joplan: folds 
my@reality13: folds 
Uncalled bet (150) returned to fredytedy
fredytedy collected 90 from pot
fredytedy: doesn't show hand 
*** SUMMARY ***
Total pot 90 | Rake 0 
Board [4s 2h 8c 8s 6d]
Seat 1: lexasambo 73 (button) folded before Flop (didn't bet)
Seat 2: my@reality13 (small blind) folded on the River
Seat 3: fredytedy (big blind) collected (90)
Seat 4: Alexzt777 folded before Flop (didn't bet)
Seat 5: Hamgo folded before Flop (didn't bet)
Seat 6: Skywalker575 folded before Flop (didn't bet)
Seat 7: joplan folded on the River
Seat 8: wisg33 folded before Flop (didn't bet)



PokerStars Hand #161798700506: Tournament #1735449289, $0.44+$0.06 USD Hold'em No Limit - Level II (15/30) - 2016/11/22 16:25:25 BRT [2016/11/22 13:25:25 ET]
Table '1735449289 1' 9-max Seat #2 is the button
Seat 1: lexasambo 73 (766 in chips) 
Seat 2: my@reality13 (1340 in chips) 
Seat 3: fredytedy (1385 in chips) 
Seat 4: Alexzt777 (4430 in chips) 
Seat 5: Hamgo (2284 in chips) 
Seat 6: Skywalker575 (1470 in chips) 
Seat 7: joplan (1585 in chips) 
Seat 8: wisg33 (240 in chips) 
fredytedy: posts small blind 15
Alexzt777: posts big blind 30
*** HOLE CARDS ***
Dealt to wisg33 [4c Ts]
Hamgo: folds 
Skywalker575: folds 
joplan: folds 
wisg33: folds 
lexasambo 73: calls 30
my@reality13: calls 30
fredytedy: calls 15
Alexzt777: checks 
*** FLOP *** [Qc Qs 3h]
fredytedy: checks 
Alexzt777: checks 
lexasambo 73: checks 
my@reality13: checks 
*** TURN *** [Qc Qs 3h] [6s]
fredytedy: checks 
Alexzt777: checks 
lexasambo 73: checks 
my@reality13: checks 
*** RIVER *** [Qc Qs 3h 6s] [Jd]
fredytedy: checks 
Alexzt777: checks 
lexasambo 73: checks 
my@reality13: checks 
*** SHOW DOWN ***
fredytedy: shows [7d As] (a pair of Queens)
Alexzt777: shows [Ad 8c] (a pair of Queens - Ace+Jack+Eight kicker)
lexasambo 73: mucks hand 
my@reality13: mucks hand 
Alexzt777 collected 120 from pot
*** SUMMARY ***
Total pot 120 | Rake 0 
Board [Qc Qs 3h 6s Jd]
Seat 1: lexasambo 73 mucked [7s 8s]
Seat 2: my@reality13 (button) mucked [Kh Th]
Seat 3: fredytedy (small blind) showed [7d As] and lost with a pair of Queens
Seat 4: Alexzt777 (big blind) showed [Ad 8c] and won (120) with a pair of Queens
Seat 5: Hamgo folded before Flop (didn't bet)
Seat 6: Skywalker575 folded before Flop (didn't bet)
Seat 7: joplan folded before Flop (didn't bet)
Seat 8: wisg33 folded before Flop (didn't bet)



PokerStars Hand #161798763056: Tournament #1735449289, $0.44+$0.06 USD Hold'em No Limit - Level III (25/50) - 2016/11/22 16:26:36 BRT [2016/11/22 13:26:36 ET]
Table '1735449289 1' 9-max Seat #3 is the button
Seat 1: lexasambo 73 (736 in chips) 
Seat 2: my@reality13 (1310 in chips) 
Seat 3: fredytedy (1355 in chips) 
Seat 4: Alexzt777 (4520 in chips) 
Seat 5: Hamgo (2284 in chips) 
Seat 6: Skywalker575 (1470 in chips) 
Seat 7: joplan (1585 in chips) 
Seat 8: wisg33 (240 in chips) 
Alexzt777: posts small blind 25
Hamgo: posts big blind 50
*** HOLE CARDS ***
Dealt to wisg33 [4c Jh]
Skywalker575: folds 
joplan: calls 50
wisg33: folds 
lexasambo 73: folds 
my@reality13: folds 
fredytedy: folds 
Alexzt777: calls 25
Hamgo: checks 
*** FLOP *** [9d Qh 8d]
Alexzt777: checks 
Hamgo: checks 
joplan: checks 
*** TURN *** [9d Qh 8d] [As]
Alexzt777: checks 
Hamgo: checks 
joplan: checks 
*** RIVER *** [9d Qh 8d As] [7d]
Alexzt777: checks 
Hamgo: checks 
joplan: folds 
*** SHOW DOWN ***
Alexzt777: shows [Kh 8h] (a pair of Eights)
Hamgo: mucks hand 
Alexzt777 collected 150 from pot
*** SUMMARY ***
Total pot 150 | Rake 0 
Board [9d Qh 8d As 7d]
Seat 1: lexasambo 73 folded before Flop (didn't bet)
Seat 2: my@reality13 folded before Flop (didn't bet)
Seat 3: fredytedy (button) folded before Flop (didn't bet)
Seat 4: Alexzt777 (small blind) showed [Kh 8h] and won (150) with a pair of Eights
Seat 5: Hamgo (big blind) mucked [6c Js]
Seat 6: Skywalker575 folded before Flop (didn't bet)
Seat 7: joplan folded on the River
Seat 8: wisg33 folded before Flop (didn't bet)



