<Game Information>
Title: $2 Jackpot Holdem
Entry #: 22758325
Begin Time: 2018/12/25 06:40:00 UTC
Buyin to Payout: Real To Real
Play Type: Sit & Go
Game Type: Hold’em
Bet Limit Type: No Limit

<Hand History>
Game Hand #46027565 - Tournament #10335388 - Holdem(No Limit) - Level 1 (10.00/20.00)- 2018/12/25 06:40:25 UTC
Table '1' 3-max Seat #2 is the button
Seat 1: Peon_84 (500.00)
Seat 2: lalasallin (500.00)
Seat 3: Flufyrabbit (500.00)
Dealt to Peon_84 [Kc]
Dealt to lalasallin [Ah]
Dealt to Flufyrabbit [Jd]
Flufyrabbit posts the small blind 10.00
Peon_84 posts the big blind 20.00
*** HOLE CARDS ***
Dealt to Peon_84 [7h Ah]
lalasallin raises 110.00 to 110.00
Flufyrabbit folds
Peon_84 calls 90.00
*** FLOP *** [Qh 7c 3d]
Main pot 230.00
Peon_84 checks
lalasallin bets 230.00
Peon_84 calls 230.00
*** TURN *** [Qh 7c 3d] [4h]
Main pot 690.00
Peon_84 checks
lalasallin bets 160.00 and is all-in
Peon_84 calls 160.00 and is all-in
*** RIVER *** [Qh 7c 3d 4h] [Th]
Main pot 1010.00
*** SHOW DOWN ***
Main pot 1010.00
Peon_84 shows [7h Ah] (a flush, Ace high [Ah Qh Th 7h 4h])
lalasallin shows [Qd As] (a pair of Queens [Qh Qd As Th 7c])
Peon_84 collected 1010.00 from main pot
*** SUMMARY ***
Total pot 1010.00 | Rake 0.00
Board [Qh 7c 3d 4h Th]
Seat 1: Peon_84 (big blind) showed [7h Ah] and won 1010.00 with a flush, Ace high [Ah Qh Th 7h 4h]
Seat 2: lalasallin (button) showed [Qd As] and lost with a pair of Queens [Qh Qd As Th 7c]
Seat 3: Flufyrabbit (small blind) folded on the Pre-Flop

Game Hand #46027601 - Tournament #10335388 - Holdem(No Limit) - Level 1 (10.00/20.00)- 2018/12/25 06:41:42 UTC
Table '1' 3-max Seat #1 is the button
Seat 1: Peon_84 (1010.00)
Seat 3: Flufyrabbit (490.00)
Peon_84 posts the small blind 10.00
Flufyrabbit posts the big blind 20.00
*** HOLE CARDS ***
Dealt to Peon_84 [7c Kh]
Peon_84 calls 10.00
Flufyrabbit raises 30.00 to 50.00
Peon_84 folds
Flufyrabbit does not show
*** SUMMARY ***
Total pot 70.00 | Rake 0.00
Seat 1: Peon_84 (button) folded on the Pre-Flop
Seat 3: Flufyrabbit did not show and won 70.00

Game Hand #46027617 - Tournament #10335388 - Holdem(No Limit) - Level 1 (10.00/20.00)- 2018/12/25 06:42:10 UTC
Table '1' 3-max Seat #3 is the button
Seat 1: Peon_84 (990.00)
Seat 3: Flufyrabbit (510.00)
Flufyrabbit posts the small blind 10.00
Peon_84 posts the big blind 20.00
*** HOLE CARDS ***
Dealt to Peon_84 [Jd 4s]
Flufyrabbit raises 30.00 to 40.00
Peon_84 folds
Uncalled bet (20.00) returned to Flufyrabbit
Flufyrabbit does not show
*** SUMMARY ***
Total pot 40.00 | Rake 0.00
Seat 1: Peon_84 (big blind) folded on the Pre-Flop
Seat 3: Flufyrabbit did not show and won 40.00

Game Hand #46027626 - Tournament #10335388 - Holdem(No Limit) - Level 1 (10.00/20.00)- 2018/12/25 06:42:25 UTC
Table '1' 3-max Seat #1 is the button
Seat 1: Peon_84 (970.00)
Seat 3: Flufyrabbit (530.00)
Peon_84 posts the small blind 10.00
Flufyrabbit posts the big blind 20.00
*** HOLE CARDS ***
Dealt to Peon_84 [Jc 5s]
Peon_84 calls 10.00
Flufyrabbit raises 50.00 to 70.00
Peon_84 folds
Flufyrabbit does not show
*** SUMMARY ***
Total pot 90.00 | Rake 0.00
Seat 1: Peon_84 (button) folded on the Pre-Flop
Seat 3: Flufyrabbit did not show and won 90.00

Game Hand #46027634 - Tournament #10335388 - Holdem(No Limit) - Level 1 (10.00/20.00)- 2018/12/25 06:42:47 UTC
Table '1' 3-max Seat #3 is the button
Seat 1: Peon_84 (950.00)
Seat 3: Flufyrabbit (550.00)
Flufyrabbit posts the small blind 10.00
Peon_84 posts the big blind 20.00
*** HOLE CARDS ***
Dealt to Peon_84 [Tc 2h]
Flufyrabbit calls 10.00
Peon_84 checks
*** FLOP *** [9h 3c Ks]
Main pot 40.00
Peon_84 checks
Flufyrabbit checks
*** TURN *** [9h 3c Ks] [4c]
Main pot 40.00
Peon_84 checks
Flufyrabbit bets 20.00
Peon_84 folds
Uncalled bet (20.00) returned to Flufyrabbit
Flufyrabbit does not show
*** SUMMARY ***
Total pot 40.00 | Rake 0.00
Board [9h 3c Ks 4c]
Seat 1: Peon_84 (big blind) folded on the Turn
Seat 3: Flufyrabbit did not show and won 40.00

Game Hand #46027653 - Tournament #10335388 - Holdem(No Limit) - Level 2 (15.00/30.00)- 2018/12/25 06:43:29 UTC
Table '1' 3-max Seat #1 is the button
Seat 1: Peon_84 (930.00)
Seat 3: Flufyrabbit (570.00)
Peon_84 posts the small blind 15.00
Flufyrabbit posts the big blind 30.00
*** HOLE CARDS ***
Dealt to Peon_84 [7h Th]
Peon_84 raises 45.00 to 60.00
Flufyrabbit calls 30.00
*** FLOP *** [Jc 9h 7d]
Main pot 120.00
Flufyrabbit checks
Peon_84 bets 60.00
Flufyrabbit raises 165.00 to 165.00
Peon_84 calls 105.00
*** TURN *** [Jc 9h 7d] [8d]
Main pot 450.00
Flufyrabbit checks
Peon_84 bets 225.00
Flufyrabbit calls 225.00
*** RIVER *** [Jc 9h 7d 8d] [Qc]
Main pot 900.00
Flufyrabbit checks
Peon_84 bets 450.00
Flufyrabbit calls 120.00 and is all-in
Uncalled bet (330.00) returned to Peon_84
*** SHOW DOWN ***
Main pot 1140.00
Peon_84 shows [7h Th] (a straight, Queen high [Qc Jc Th 9h 8d])
Flufyrabbit shows [3d Js] (a pair of Jacks [Js Jc Qc 9h 8d])
Peon_84 collected 1140.00 from main pot
*** SUMMARY ***
Total pot 1140.00 | Rake 0.00
Board [Jc 9h 7d 8d Qc]
Seat 1: Peon_84 (button) showed [7h Th] and won 1140.00 with a straight, Queen high [Qc Jc Th 9h 8d]
Seat 3: Flufyrabbit (big blind) showed [3d Js] and lost with a pair of Jacks [Js Jc Qc 9h 8d]

--------------------------------------------------------------------
